%---------------Articles-------------------------:

@article{BAMF,
	address = {Berlin},
	publisher = {Bundesamt für Migration und Flüchtlinge},
	author = {Bundesrepublik Deutschland},
	title = {Aktuelle Zahlen zu Asyl},
	year = {2016},
	month = {April},
    url= {http://www.bamf.de/SharedDocs/Anlagen/DE/Downloads/Infothek/Statistik/Asyl/statistik-anlage-teil-4-aktuelle-zahlen-zu-asyl.pdf?__blob=publicationFile}
}

@article{colorQR,
	address = {Friedberg},
	publisher = {Technische Hochschule Mittelhessen},
	author = {Daniel Beckmann},
	title = {Verwendung von mehrdimensionalen Barcodes bei Authentifizierungsprozessen},
	year = {2013},
	month = {March},
    url= {}
}

%----------------Books--------------------------:

%---------------Online--------------------------:

@online{website:mittwald.de,
	author = {Helmich,Martin},
	title = {RESTful Webservices (1): Was ist das überhaupt?},
	month = {March},
	year = {2013},
	url = {https://www.mittwald.de/blog/webentwicklung-webdesign/webentwicklung/restful-webservices-1-was-ist-das-uberhaupt},
	urldate = {2016-06-05}
},

@online{website:sahanaAbout,
      author = {Sahana Software Foundation},
      title = {Sahana - History},
      year = {2014},
      url = {http://sahanafoundation.org/about-us/history/},
      urldate = {2016-05-06}
},

@online{website:sahanaVesuvius,
      author = {Sahana Software Foundation},
      title = {Sahana - Vesuvius},
      month = {July},
      year = {2014},
      url = {http://sahanafoundation.org/products/vesuvius/},
      urldate = {2016-05-06}
},

@online{website:sahanaEden,
      author = {Sahana Software Foundation},
      title = {Sahana - Eden},
      month = {July},
      year = {2014},
      url = {http://sahanafoundation.org/products/eden/},
      urldate = {2016-05-06}
},

@online{website:sahanaDRKGIT,
      author = {DRK Mannheim},
      title = {Sahana - DRK @ GitHub},
      month = {July},
      year = {2014},
      url = {https://github.com/sahana/DRK},
      urldate = {2016-05-06}
},

@online{website:deutschlandfunk,
      author = {Welchering, Peter},
      title = {Software für die Flüchtlingserfassung vermeidet Mehrarbeit},
      month = {January},
      year = {2016},
      url = {http://www.deutschlandfunk.de/open-source-software-fuer-die-fluechtlingserfassung.676.de.html?dram:article_id=342384},
      urldate = {2016-05-06}
},

@online{website:quartiermanagement,
      author = {Quartiermanagement},
      title = {Software zur Verwaltung von Flüchtlingsunterkünften},
      month = {October},
      year = {2015},
      url = {http://www.quartiermanagement.info/},
      urldate = {2016-05-06}
},

@online{website:hostingadvice,
	author = {Roberto Sanchez},
	title = {Comparing Node.js vs PHP Performance},
	month = {May},
	year = {2016},
	url = {http://www.hostingadvice.com/blog/comparing-node-js-vs-php-performance/},
	urldate = {2016-05-21}
},

@online{website:jsonschema2pojo,
	author = {Littlejohn, Joe},
	title = {jsonschema2pojo},
	url = {http://www.jsonschema2pojo.org/},
	urldate = {2016-05-22}
},

@online{website:JavaFX,
	author = {Oracle},
	title = {JavaFX},
    year = {2008},
	url = {http://docs.oracle.com/javase/8/javafx/get-started-tutorial/jfx-overview.htm#JFXST784},
	urldate = {2016-05-23}
},

@online{website:JavaFXFXML,
	author = {Oracle},
	title = {JavaFX FXML},
    year = {2014},
	url = {http://docs.oracle.com/javafx/2/get_started/fxml_tutorial.htm},
	urldate = {2016-05-23}
},

@online{website:OkHttp,
	author = {Square, Inc.},
	title = {OkHttp},
	url = {http://square.github.io/okhttp/},
	urldate = {2016-05-22}
},

@online{website:gson,
	author = {Google Inc., Inderjeet Singh, Joel Leitch, Jesse Wilson},
	title = {gson},
	url = {https://github.com/google/gson/blob/master/UserGuide.md},
	urldate = {2016-05-22}
},

@online{website:Neurotechnology,
	author = {Neurotechnology},
	title = {Neurotechnology},
    year = {2016},
	url = {http://www.neurotechnology.com/},
	urldate = {2016-05-23}
},

@online{website:isoID,
	author = {International Organization for Standardization},
	title = {ISO/IEC 7810:2003},
	month = {May},
	year = {2016},
	url = {http://www.iso.org/iso/catalogue_detail?csnumber=31432},
	urldate = {2016-05-22}
},

@online{website:pdfbox,
	author = {Apache},
	title = {Apache PDFBox - A Java PDF Library},
	month = {May},
	year = {2016},
	url = {https://pdfbox.apache.org/},
	urldate = {2016-05-22}
},

@online{website:zxing,
	author = {Sean Owen},
	title = {Getting Started Developing – zxing},
	month = {May},
	year = {2016},
	url = {https://github.com/zxing/zxing/wiki/Getting-Started-Developing},
	urldate = {2016-05-22}
},

@online{website:cs2j,
	author = {Twiglet Software},
	title = {CS2J: The User Guide},
	month = {May},
	year = {2016},
	url = {http://www.cs2j.com/documentation/},
	urldate = {2016-05-23}
},